% This file was created with JabRef 2.10.
% Encoding: Cp1252

@INPROCEEDINGS{SEC,
author={R. {Vaarandi}},
booktitle={IEEE Workshop on IP Operations and Management},
title={SEC - a lightweight event correlation tool},
year={2002},
volume={},
number={},
pages={111-115},
keywords={computer network management;correlation methods;SEC;lightweight event correlation tool;network management;network fault management;open-source tool;platform independent tool;rule-based event correlation;simple event correlator;Intrusion detection;Monitoring;Humans;Event detection;Search engines;Open source software;Prototypes;Computer networks;Computer network management;Engineering management},
doi={10.1109/IPOM.2002.1045765},
ISSN={null},
month={Oct},}


@misc{thompson_2017, title={Logsurfer}, url={https://www.crypt.gen.nz/logsurfer/}, journal={Crypt.gen.nz}, publisher={Crypt.gen.nz}, author={Thompson, Kerry}, year={2017}, month={Jul}}


@book{vaarandi2005tools,
  title={Tools and Techniques for Event Log Analysis},
  author={Vaarandi, Risto},
  year={2005},
  publisher={Tallinn University of Technology Press}
}

% ANNEN SÃ˜PPEL


@Article{Askvall1985,
  Title                    = {Computer supported reading vs. reading text on paper: A comparison of two reading situations},
  Author                   = {S. Askvall},
  Journal                  = {International Journal on Man-Machine Studies},
  Year                     = {1985},
  Number                   = {22},
  Pages                    = {425-439},
  Volume                   = {4}
}

@Book{Card1983,
  Title                    = {The psychology of human-computer interaction},
  Author                   = {S. K. Card and T. P. Moran and A. Newell},
  Publisher                = {Erlbaum},
  Year                     = {1983}
}

@Misc{NTNU:Website,
  Title                    = {NTNU Website},
  Author                   = {NTNU},
  howpublished             = {\url{http://www.ntnu.no}},
  Year                     = {2017},
  note										 = {Accessed: 2017-01-20}
}

@InProceedings{Lancaster1985,
  Title                    = {Electronic publication and its impact on the presentation of information},
  Author                   = {F. W. Lancaster and A. Warner},
  Booktitle                = {The technology of text: Principles for structuring, designing, and displaying text},
  Year                     = {1985},
  Editor                   = {D. H. Jonassen},
  Pages                    = {292-309},
  Publisher                = {Educational Technology Publications}
}

@Misc{Meldon1997,
  Title                    = {Reading from the web},
  Author                   = {W. Meldon},
  howpublished						 = {\url{http://www.mit.edu/compsci/humanfactors/report9734.html}},
  note				              = {Accessed: 2010-11-01},
  Year                     = {1997}
}

%this is experimental and only works with our own bst
@Game{Halo,
  Title                    = {Halo},
	Year			= {2003},
	publisher =	{Microsoft},
	developer = {Bungie Studios},
  Url                      = {https://www.halowaypoint.com/en-us/games},
  LastChecked              = {22.01.2017}
}

@inproceedings{Kaptein2010,
 author = {Kaptein, Maurits Clemens and Nass, Clifford and Markopoulos, Panos},
 title = {Powerful and Consistent Analysis of Likert-type Ratingscales},
 booktitle = {Proceedings of the SIGCHI Conference on Human Factors in Computing Systems},
 series = {CHI '10},
 year = {2010},
 isbn = {978-1-60558-929-9},
 location = {Atlanta, Georgia, USA},
 pages = {2391--2394},
 numpages = {4},
 url = {http://doi.acm.org/10.1145/1753326.1753686},
 doi = {10.1145/1753326.1753686},
 acmid = {1753686},
 publisher = {ACM},
 address = {New York, NY, USA},
 keywords = {nonparametric statistics, researchmethods, usability evaluation},
} 


@comment{jabref-entrytype: Webpage: req[url;year] opt[LastChecked]}
@comment{jabref-entrytype: Game: req[title;publisher;year] opt[Url;developer;level;LastChecked]}

