% This file was created with JabRef 2.10.
% Encoding: Cp1252
@ARTICLE{cronk_1988, author={R. N. {Cronk} and P. H. {Callahan} and L. {Bernstein}}, journal={IEEE Network}, title={Rule-based expert systems for network management and operations: an introduction}, year={1988}, volume={2}, number={5}, pages={7-21},}

@inproceedings{schwartz_2002,
author = {Schwartz, D.G. and Stoecklin, S. and Yilmaz, E.},
year = {2002},
month = {02},
pages = {1084 - 1089 vol.2},
title = {A case-based approach to network intrusion detection},
isbn = {0-9721844-1-4},
doi = {10.1109/ICIF.2002.1020933}
}

@inproceedings{han_2016,
title = "WHAP: Web-hacking profiling using Case-Based Reasoning",
author = "Han, {Mee Lan} and Han, {Hee Chan} and Kang, {Ah Reum} and Kwak, {Byung Il} and Aziz Mohaisen and Kim, {Huy Kang}",
year = "2017",
month = feb,
day = "21",
doi = "10.1109/CNS.2016.7860503",
language = "English",
pages = "344--345",
booktitle = "2016 IEEE Conference on Communications and Network Security, CNS 2016",
publisher = "Institute of Electrical and Electronics Engineers Inc.",
note = "2016 IEEE Conference on Communications and Network Security, CNS 2016 ; Conference date: 17-10-2016 Through 19-10-2016",
}

@inproceedings{Kapetanakis_2014,
       booktitle = {Nineteenth UK Workshop on Case-Based Reasoning (UK-CBR 2014)},
           month = {December},
           title = {Profiling cyber attackers using case-based reasoning},
          author = {Stelios Kapetanakis and Avgoustinos Filippoupolitis and George Loukas and Tariq Saad Al Murayziq},
       publisher = {CEUR},
            year = {2014},
            note = {part of AI-2014 Thirty-fourth SGAI International Conference on Artificial Intelligence, Cambridge, UK 9-11 December 2014},
        keywords = {Cyber security, hacker profiling, case based reasoning},
             url = {http://gala.gre.ac.uk/id/eprint/14950/}
}


@INPROCEEDINGS{leake_1996,
    author = {David B. Leake and Reasoning From Remindings},
    title = {CBR in Context: The Present and Future},
    booktitle = {},
    year = {1996},
    pages = {3--30},
    publisher = {MIT Press}
}

@inproceedings{davies_1987,
author = {Davies, Todd and Russell, Stuart},
year = {1987},
month = {08},
pages = {264-270},
title = {A Logical Approach to Reasoning by Analogy.}
}

@INPROCEEDINGS{lewis_1993,
  author={L. {Lewis}},
  booktitle={IEEE INFOCOM '93 The Conference on Computer Communications, Proceedings}, 
  title={A case-based reasoning approach to the management of faults in communication networks}, 
  year={1993},
  volume={},
  number={},
  pages={1422-1429 vol.3},}

@inproceedings{gupta_1999,
  title={Preprocessor Algorithm for Network Management Codebook.},
  author={Gupta, Minaxi and Subramanian, Mani},
  booktitle={Workshop on Intrusion Detection and Network Monitoring},
  pages={93--102},
  year={1999}
}

@article{slade_1991,
  title={Case-based reasoning: A research paradigm},
  author={Slade, Stephen},
  journal={AI magazine},
  volume={12},
  number={1},
  pages={42--42},
  year={1991}
}

@article{aamodt_1994,
author = {Aamodt, Agnar and Plaza, Enric},
title = {Case-Based Reasoning: Foundational Issues, Methodological Variations, and System Approaches},
year = {1994},
issue_date = {March 1994},
publisher = {IOS Press},
address = {NLD},
volume = {7},
number = {1},
issn = {0921-7126},
journal = {AI Commun.},
month = mar,
pages = {39â€“59},
numpages = {21}
}



@MISC{Gruschke_1998,
    author = {Boris Gruschke},
    title = {Integrated Event Management: Event Correlation Using Dependency Graphs},
    year = {1998}
}

@ARTICLE{yemini_1996,
  author={S. A. {Yemini} and S. {Kliger} and E. {Mozes} and Y. {Yemini} and D. {Ohsie}},
  journal={IEEE Communications Magazine}, 
  title={High speed and robust event correlation}, 
  year={1996},
  volume={34},
  number={5},
  pages={82-90},}

@INPROCEEDINGS{SEC,
author={R. {Vaarandi}},
booktitle={IEEE Workshop on IP Operations and Management},
title={SEC - a lightweight event correlation tool},
year={2002},
volume={},
number={},
pages={111-115},
keywords={computer network management;correlation methods;SEC;lightweight event correlation tool;network management;network fault management;open-source tool;platform independent tool;rule-based event correlation;simple event correlator;Intrusion detection;Monitoring;Humans;Event detection;Search engines;Open source software;Prototypes;Computer networks;Computer network management;Engineering management},
doi={10.1109/IPOM.2002.1045765},
ISSN={null},
month={Oct},}


@misc{thompson_2017, title={Logsurfer}, url={https://www.crypt.gen.nz/logsurfer/}, journal={Crypt.gen.nz}, publisher={Crypt.gen.nz}, author={Thompson, Kerry}, year={2017}, month={Jul}}


@book{vaarandi2005tools,
  title={Tools and Techniques for Event Log Analysis},
  author={Vaarandi, Risto},
  year={2005},
  publisher={Tallinn University of Technology Press}
}